<?xml version="1.0" encoding="UTF-8"?><collection xmlns="http://www.loc.gov/MARC21/slim"><record><leader>00390nam--2200133-i-4500</leader><controlfield tag="001">000019012</controlfield><controlfield tag="002">20161230</controlfield><controlfield tag="005">20161230201033</controlfield><controlfield tag="008">060222s1000------------r-----000-0-eng-d</controlfield><datafield ind1=" " ind2=" " tag="080"><subfield code="a">61:577.346.546.11.02.3:621.039.83:577.346</subfield></datafield><datafield ind1=" " ind2=" " tag="100"><subfield code="a">Feinendgen, Ludwig E</subfield></datafield><datafield ind1=" " ind2=" " tag="245"><subfield code="a">Tritium-labeled molecules in biology and medicine</subfield></datafield><datafield ind1=" " ind2=" " tag="260"><subfield code="a">New York, Academic Press, 1967. X + 430 P</subfield></datafield><datafield ind1=" " ind2=" " tag="852"><subfield code="a">28447</subfield></datafield></record></collection>